<?xml version="1.0" encoding="UTF-8"?><collection xmlns="http://www.loc.gov/MARC21/slim"><record><leader>00443nam--2200145-i-4500</leader><controlfield tag="001">000000031</controlfield><controlfield tag="002">20161230</controlfield><controlfield tag="005">20170101231431</controlfield><controlfield tag="008">060222s1000------------r-----000-0-eng-d</controlfield><datafield ind1=" " ind2=" " tag="080"><subfield code="a">530.145:530.182</subfield></datafield><datafield ind1=" " ind2=" " tag="245"><subfield code="a">Non-linear and collective phenomena in quantum physics.a reprint volume from physics reports</subfield></datafield><datafield ind1=" " ind2=" " tag="260"><subfield code="a">Singapore, World Scientific.VIII + 514 P</subfield></datafield><datafield ind1=" " ind2=" " tag="700"><subfield code="a">Gervais, Jean-Louis</subfield></datafield><datafield ind1=" " ind2=" " tag="852"><subfield code="a">72649</subfield></datafield><datafield ind1=" " ind2=" " tag="CAT"><subfield code="a">SYS</subfield><subfield code="c">20170101</subfield><subfield code="h">231431</subfield></datafield></record></collection>